@article{palczewski2004rownania,
  title={R{\'o}wnania r{\'o}{\.z}niczkowe zwyczajne},
  author={Palczewski, Andrzej},
  journal={PWN, Warszawa},
  year={2004}
}